<?xml version="1.0" encoding="UTF-8"?>
<collection xmlns:xsi="http://www.w3.org/2001/XMLSchema-instance" xsi:schemaLocation="http://www.loc.gov/MARC21/slim http://www.loc.gov/standards/marcxml/schema/MARC21slim.xsd" xmlns="http://www.loc.gov/MARC21/slim">
<record>
  <leader>01183cam a22002411a 4500</leader>
  <controlfield tag="001">3367871</controlfield>
  <controlfield tag="003">NNC</controlfield>
  <controlfield tag="005">20140528150228.0</controlfield>
  <controlfield tag="008">000405s1901    ua            000 0 arard</controlfield>
  <datafield tag="035" ind1=" " ind2=" ">
    <subfield code="a">(OCoLC)ocm43779008</subfield>
  </datafield>
  <datafield tag="035" ind1=" " ind2=" ">
    <subfield code="9">AVD2307CU</subfield>
  </datafield>
  <datafield tag="035" ind1=" " ind2=" ">
    <subfield code="a">(NNC)3367871</subfield>
  </datafield>
  <datafield tag="035" ind1=" " ind2=" ">
    <subfield code="a">3367871</subfield>
  </datafield>
  <datafield tag="040" ind1=" " ind2=" ">
    <subfield code="a">IUL</subfield>
    <subfield code="c">IUL</subfield>
  </datafield>
  <datafield tag="100" ind1="1" ind2=" ">
    <subfield code="a">Ṭāʼī, Muṣṭafá ibn Muḥammad,</subfield>
    <subfield code="d">1725 or 1726-1778.</subfield>
  </datafield>
  <datafield tag="245" ind1="1" ind2="0">
    <subfield code="a">Sharḥ Muṣṭafá ibn Abī ʻAbd Allāh ibn Muḥammad ibn Yūnis ibn al-Nuʻmān al-Ṭāʾī al-musammá Kanz al-bayān mukhtaṣar Tawfīq al-Raḥmān ʻalá matn al-kanz li-ʻAbd Allāh ibn Aḥmad ibn Maḥmūd al-Nasafī fī madhhab Abī Ḥanīfah al-Nuʻmān. Wa-bi-hāmishihi al-dhakhāʾir al-ashrafīyah fī alghāz al-Ḥanafīyah / li-al-Shaykh ibn al-Shiḥnah al-Ḥanafī.</subfield>
  </datafield>
  <datafield tag="246" ind1="3" ind2="0">
    <subfield code="a">Kanz al-bayān</subfield>
  </datafield>
  <datafield tag="260" ind1=" " ind2=" ">
    <subfield code="a">Miṣr :</subfield>
    <subfield code="b">al-Maṭbaʻah al-Maḥmūdīyah,</subfield>
    <subfield code="c">1325 [1907]</subfield>
  </datafield>
  <datafield tag="300" ind1=" " ind2=" ">
    <subfield code="a">252 p.</subfield>
  </datafield>
  <datafield tag="700" ind1="1" ind2=" ">
    <subfield code="a">Nasafī, ʻAbd Allāh ibn Aḥmad,</subfield>
    <subfield code="d">-1310.</subfield>
  </datafield>
  <datafield tag="700" ind1="1" ind2=" ">
    <subfield code="a">Ibn al-Shiḥnah, ʻAbd al-Barr ibn Muḥammad,</subfield>
    <subfield code="d">1447 or 1448-1515 or 1516.</subfield>
  </datafield>
  <datafield tag="740" ind1="0" ind2="2">
    <subfield code="a">Dhakhāʾir al-ashrafīyah fī alghāz al-Ḥanaf-iyah.</subfield>
  </datafield>
  <datafield tag="955" ind1=" " ind2=" ">
    <subfield code="b">CU59020024</subfield>
    <subfield code="d">off,glx</subfield>
    <subfield code="e">893.799 N173</subfield>
  </datafield>
</record>
</collection>